symbol,isin,trade_date,exchange,segment,series,trade_type,auction,quantity,price,trade_id,order_id,order_execution_time
IDEA,INE669E01016,2024-04-15,NSE,EQ,EQ,buy,false,1900.000000,13.000000,22647918,1100000011193370,2024-04-15T09:44:14
MEGASOFT,INE933B01012,2024-06-10,NSE,EQ,EQ,buy,false,100.000000,67.500000,54347335,1200000039960541,2024-06-10T13:05:47
MEGASOFT,INE933B01012,2024-06-10,NSE,EQ,EQ,buy,false,459.000000,67.470001,54347334,1200000039960541,2024-06-10T13:05:47
MEGASOFT,INE933B01012,2024-06-10,NSE,EQ,EQ,buy,false,1.000000,67.500000,54347336,1200000039960541,2024-06-10T13:05:47
MEGASOFT,INE933B01012,2024-06-10,NSE,EQ,EQ,buy,false,25.000000,67.379997,54347332,1200000039960541,2024-06-10T13:05:47
MEGASOFT,INE933B01012,2024-06-10,NSE,EQ,EQ,buy,false,5.000000,67.389999,54347333,1200000039960541,2024-06-10T13:05:47
SUZLON,INE040H01021,2024-06-10,NSE,EQ,EQ,buy,false,3.000000,47.400002,80708680,1300000047602435,2024-06-10T14:55:59
SUZLON,INE040H01021,2024-06-10,NSE,EQ,EQ,buy,false,1.000000,47.400002,80716874,1300000047654798,2024-06-10T14:56:22
IDEA,INE669E01016,2024-06-24,BSE,EQ,A,sell,false,1000.000000,17.080000,9671200,1719204593577279513,2024-06-24T10:43:32
VINEETLAB,INE505Y01010,2024-06-24,BSE,EQ,B,sell,false,20.000000,61.790001,34805100,1719205025415943019,2024-06-24T10:45:58
BBOX,INE676A01027,2024-07-05,NSE,EQ,EQ,buy,false,35.000000,398.000000,1253300,1000000006423567,2024-07-05T09:36:29
IRCTC,INE335Y01020,2024-07-05,NSE,EQ,EQ,sell,false,1.000000,1026.550049,34590957,1100000054476844,2024-07-05T14:24:29
TCS,INE467B01029,2024-07-05,BSE,EQ,A,sell,false,1.000000,4008.550049,9084500,1720169385955071953,2024-07-05T14:24:45
BALUFORGE,INE011E01029,2024-07-08,NSE,EQ,EQ,buy,false,6.000000,378.399994,702649,1000000003260483,2024-07-08T09:24:39
BALUFORGE,INE011E01029,2024-07-08,NSE,EQ,EQ,buy,false,2.000000,378.250000,702645,1000000003260483,2024-07-08T09:24:39
BALUFORGE,INE011E01029,2024-07-08,NSE,EQ,EQ,buy,false,4.000000,378.200012,702642,1000000003260483,2024-07-08T09:24:39
BALUFORGE,INE011E01029,2024-07-08,NSE,EQ,EQ,buy,false,2.000000,378.200012,702644,1000000003260483,2024-07-08T09:24:39
BALUFORGE,INE011E01029,2024-07-08,NSE,EQ,EQ,buy,false,2.000000,378.450012,702650,1000000003260483,2024-07-08T09:24:39
BALUFORGE,INE011E01029,2024-07-08,NSE,EQ,EQ,buy,false,1.000000,378.250000,702646,1000000003260483,2024-07-08T09:24:39
BALUFORGE,INE011E01029,2024-07-08,NSE,EQ,EQ,buy,false,2.000000,378.200012,702643,1000000003260483,2024-07-08T09:24:39
BALUFORGE,INE011E01029,2024-07-08,NSE,EQ,EQ,buy,false,2.000000,378.299988,702647,1000000003260483,2024-07-08T09:24:39
BALUFORGE,INE011E01029,2024-07-08,NSE,EQ,EQ,buy,false,17.000000,378.299988,702648,1000000003260483,2024-07-08T09:24:39
SHARDACROP,INE221J01015,2024-07-08,NSE,EQ,EQ,buy,false,22.000000,524.450012,601840059,1300000006954628,2024-07-08T09:34:06
SHARDACROP,INE221J01015,2024-07-09,NSE,EQ,EQ,sell,false,17.000000,506.500000,606611500,1300000030411090,2024-07-09T12:10:47
SHARDACROP,INE221J01015,2024-07-09,NSE,EQ,EQ,sell,false,5.000000,506.600006,606611499,1300000030411090,2024-07-09T12:10:47
IDEA,INE669E01016,2024-07-09,BSE,EQ,A,sell,false,900.000000,16.920000,16137900,1720506587080109526,2024-07-09T12:13:46
IONEXCHANG,INE570A01022,2024-07-10,NSE,EQ,EQ,buy,false,13.000000,684.000000,201668607,1100000007666434,2024-07-10T09:36:26
IONEXCHANG,INE570A01022,2024-07-10,NSE,EQ,EQ,buy,false,9.000000,684.000000,201667914,1100000007666434,2024-07-10T09:36:26
INDIAGLYCO,INE560A01015,2024-07-10,NSE,EQ,EQ,buy,false,11.000000,958.000000,201767290,1100000008361336,2024-07-10T09:38:07
BBOX,INE676A01027,2024-07-10,NSE,EQ,EQ,sell,false,19.000000,380.049988,1692561,1000000009618940,2024-07-10T10:00:49
BBOX,INE676A01027,2024-07-10,NSE,EQ,EQ,sell,false,3.000000,380.149994,1692560,1000000009618940,2024-07-10T10:00:49
BBOX,INE676A01027,2024-07-10,NSE,EQ,EQ,sell,false,3.000000,380.200012,1692559,1000000009618940,2024-07-10T10:00:49
BBOX,INE676A01027,2024-07-10,NSE,EQ,EQ,sell,false,8.000000,380.250000,1692558,1000000009618940,2024-07-10T10:00:49
BBOX,INE676A01027,2024-07-10,NSE,EQ,EQ,sell,false,2.000000,380.299988,1692557,1000000009618940,2024-07-10T10:00:49
INDIAGLYCO,INE560A01015,2024-07-10,NSE,EQ,EQ,sell,false,11.000000,929.000000,203542676,1100000015963296,2024-07-10T10:10:30
MEGASOFT,INE933B01012,2024-07-10,BSE,EQ,B,sell,false,3.000000,68.010002,19260400,1720585921195344922,2024-07-10T10:10:38
MEGASOFT,INE933B01012,2024-07-10,BSE,EQ,B,sell,false,587.000000,68.000000,19260600,1720585921195344922,2024-07-10T10:10:38
IONEXCHANG,INE570A01022,2024-07-10,NSE,EQ,EQ,sell,false,22.000000,663.500000,203884727,1100000019791726,2024-07-10T10:23:52
SUZLON,INE040H01021,2024-07-12,NSE,EQ,EQ,sell,false,4.000000,54.650002,602138874,1300000008888443,2024-07-12T09:41:10
RCF,INE027A01015,2024-07-12,NSE,EQ,EQ,buy,false,60.000000,236.000000,602603393,1300000010486738,2024-07-12T09:50:17
RCF,INE027A01015,2024-07-12,NSE,EQ,EQ,sell,false,60.000000,228.919998,612126510,1300000059694783,2024-07-12T15:15:35
AADHARHFC,INE883F01010,2024-07-16,NSE,EQ,EQ,buy,false,3.000000,462.000000,642292,1000000002798869,2024-07-16T09:22:54
AADHARHFC,INE883F01010,2024-07-16,NSE,EQ,EQ,buy,false,4.000000,462.000000,641435,1000000002798869,2024-07-16T09:22:54
AADHARHFC,INE883F01010,2024-07-16,NSE,EQ,EQ,buy,false,25.000000,462.000000,642380,1000000002798869,2024-07-16T09:22:54
ONGC,INE213A01029,2024-07-16,BSE,EQ,A,buy,false,45.000000,325.000000,1891400,1721100600131496781,2024-07-16T09:23:51
AADHARHFC,INE883F01010,2024-07-19,NSE,EQ,EQ,sell,false,32.000000,447.149994,6671224,1000000041953599,2024-07-19T14:08:21
ONGC,INE213A01029,2024-07-23,NSE,EQ,EQ,sell,false,45.000000,313.600006,405190087,1200000031847028,2024-07-23T11:52:43
BALUFORGE,INE011E01029,2024-07-26,BSE,EQ,B,sell,false,5.000000,447.000000,18456200,1721968007946740475,2024-07-26T10:10:53
BALUFORGE,INE011E01029,2024-07-26,BSE,EQ,B,sell,false,2.000000,447.049988,18456000,1721968007946740475,2024-07-26T10:10:53
BALUFORGE,INE011E01029,2024-07-26,BSE,EQ,B,sell,false,5.000000,446.750000,18456400,1721968007946740475,2024-07-26T10:10:53
BALUFORGE,INE011E01029,2024-07-29,NSE,EQ,EQ,sell,false,8.000000,466.000000,694705,1000000002870762,2024-07-29T09:21:43
WINDLAS,INE0H5O01029,2024-07-29,NSE,EQ,EQ,buy,false,1.000000,765.000000,602377430,1300000006073390,2024-07-29T09:31:47
WINDLAS,INE0H5O01029,2024-07-29,NSE,EQ,EQ,buy,false,16.000000,765.000000,602379004,1300000006073390,2024-07-29T09:31:47
WINDLAS,INE0H5O01029,2024-07-29,NSE,EQ,EQ,buy,false,3.000000,765.000000,602377921,1300000006073390,2024-07-29T09:31:47
KFINTECH,INE138Y01010,2024-07-29,NSE,EQ,EQ,buy,false,18.000000,816.000000,401985579,1200000007669164,2024-07-29T09:34:32
KFINTECH,INE138Y01010,2024-07-30,NSE,EQ,EQ,sell,false,18.000000,791.400024,400155532,1200000000784500,2024-07-30T09:15:58
BALUFORGE,INE011E01029,2024-07-30,BSE,EQ,B,sell,false,8.000000,499.000000,57629800,1722326381029003416,2024-07-30T13:32:48
INOXGREEN,INE510W01014,2024-07-31,NSE,EQ,EQ,buy,false,50.000000,178.399994,201515028,1100000007015844,2024-07-31T09:31:38
INOXGREEN,INE510W01014,2024-07-31,NSE,EQ,EQ,buy,false,50.000000,178.399994,201515029,1100000007015844,2024-07-31T09:31:38
BALUFORGE,INE011E01029,2024-07-31,NSE,EQ,EQ,sell,false,5.000000,517.099976,4222039,1000000024057771,2024-07-31T11:50:21
BALUFORGE,INE011E01029,2024-07-31,NSE,EQ,EQ,sell,false,5.000000,517.099976,4222040,1000000024057771,2024-07-31T11:50:21
BBTC,INE050A01025,2024-07-31,NSE,EQ,EQ,buy,false,2.000000,2305.000000,5103437,1000000029164882,2024-07-31T12:41:24
BBTC,INE050A01025,2024-07-31,NSE,EQ,EQ,buy,false,9.000000,2305.000000,5120764,1000000029164882,2024-07-31T12:41:24
AJMERA,INE298G01027,2024-07-31,NSE,EQ,EQ,buy,false,33.000000,756.299988,5316954,1000000029005931,2024-07-31T12:54:25
RKSWAMY,INE0NQ801033,2024-08-01,NSE,EQ,EQ,buy,false,24.000000,316.100006,601462097,1300000006330921,2024-08-01T09:34:21
RKSWAMY,INE0NQ801033,2024-08-01,NSE,EQ,EQ,buy,false,44.000000,316.100006,601466104,1300000006330921,2024-08-01T09:34:21
RKSWAMY,INE0NQ801033,2024-08-01,NSE,EQ,EQ,sell,false,12.000000,316.350006,601849316,1300000008434384,2024-08-01T09:43:51
RKSWAMY,INE0NQ801033,2024-08-01,NSE,EQ,EQ,sell,false,9.000000,316.350006,601849315,1300000008434384,2024-08-01T09:43:51
RKSWAMY,INE0NQ801033,2024-08-01,NSE,EQ,EQ,sell,false,1.000000,316.299988,601849317,1300000008434384,2024-08-01T09:43:51
RKSWAMY,INE0NQ801033,2024-08-01,NSE,EQ,EQ,sell,false,46.000000,316.350006,601849314,1300000008434384,2024-08-01T09:43:51
BBTC,INE050A01025,2024-08-01,NSE,EQ,EQ,sell,false,7.000000,2258.899902,2102664,1000000011205524,2024-08-01T10:06:52
BBTC,INE050A01025,2024-08-01,NSE,EQ,EQ,sell,false,2.000000,2259.949951,2102662,1000000011205524,2024-08-01T10:06:52
BBTC,INE050A01025,2024-08-01,NSE,EQ,EQ,sell,false,2.000000,2259.899902,2102663,1000000011205524,2024-08-01T10:06:52
AJMERA,INE298G01027,2024-08-01,NSE,EQ,EQ,sell,false,33.000000,741.150024,2696049,1000000014590145,2024-08-01T10:30:49
INOXGREEN,INE510W01014,2024-08-01,NSE,EQ,EQ,sell,false,100.000000,173.050003,209166090,1100000049132473,2024-08-01T14:27:43
ANANTRAJ,INE242C01024,2024-08-08,NSE,EQ,EQ,buy,false,48.000000,525.000000,2093239,1000000009172596,2024-08-08T09:53:38
ANANTRAJ,INE242C01024,2024-08-12,NSE,EQ,EQ,sell,false,34.000000,513.500000,296664,1000000001029924,2024-08-12T09:16:15
ANANTRAJ,INE242C01024,2024-08-12,NSE,EQ,EQ,sell,false,10.000000,513.500000,296665,1000000001029924,2024-08-12T09:16:15
ANANTRAJ,INE242C01024,2024-08-12,NSE,EQ,EQ,sell,false,4.000000,513.500000,296666,1000000001029924,2024-08-12T09:16:15
DODLA,INE021O01019,2024-08-13,NSE,EQ,EQ,buy,false,8.000000,1239.250000,200074185,1100000000416127,2024-08-13T09:15:10
DODLA,INE021O01019,2024-08-13,NSE,EQ,EQ,buy,false,7.000000,1239.250000,200074186,1100000000416127,2024-08-13T09:15:10
DODLA,INE021O01019,2024-08-13,NSE,EQ,EQ,sell,false,2.000000,1202.050049,207734190,1100000043810890,2024-08-13T13:36:29
DODLA,INE021O01019,2024-08-13,NSE,EQ,EQ,sell,false,13.000000,1202.050049,207734036,1100000043810890,2024-08-13T13:36:29
WINDLAS,INE0H5O01029,2024-08-13,NSE,EQ,EQ,sell,false,16.000000,780.700012,608948252,1300000043670805,2024-08-13T14:18:52
WINDLAS,INE0H5O01029,2024-08-13,NSE,EQ,EQ,sell,false,2.000000,781.299988,608948251,1300000043670805,2024-08-13T14:18:52
WINDLAS,INE0H5O01029,2024-08-13,NSE,EQ,EQ,sell,false,2.000000,780.650024,608948253,1300000043670805,2024-08-13T14:18:52
HPL,INE495S01016,2024-08-19,NSE,EQ,EQ,buy,false,38.000000,648.000000,201163022,1100000001591731,2024-08-19T09:18:18
BBTC,INE050A01025,2024-08-19,NSE,EQ,EQ,buy,false,4.000000,2412.100098,423852,1000000002092993,2024-08-19T09:20:32
BBTC,INE050A01025,2024-08-19,NSE,EQ,EQ,buy,false,1.000000,2412.100098,423850,1000000002092993,2024-08-19T09:20:32
BBTC,INE050A01025,2024-08-19,NSE,EQ,EQ,buy,false,5.000000,2412.100098,423851,1000000002092993,2024-08-19T09:20:32
INOXGREEN,INE510W01014,2024-08-19,NSE,EQ,EQ,buy,false,77.000000,193.500000,201149914,1100000005806345,2024-08-19T09:32:42
INOXGREEN,INE510W01014,2024-08-19,NSE,EQ,EQ,buy,false,3.000000,193.490005,201149912,1100000005806345,2024-08-19T09:32:42
INOXGREEN,INE510W01014,2024-08-19,NSE,EQ,EQ,buy,false,8.000000,193.490005,201149911,1100000005806345,2024-08-19T09:32:42
INOXGREEN,INE510W01014,2024-08-19,NSE,EQ,EQ,buy,false,37.000000,193.500000,201149913,1100000005806345,2024-08-19T09:32:42
BEPL,INE922A01025,2024-08-19,NSE,EQ,EQ,buy,false,166.000000,148.839996,1538015,1000000008506925,2024-08-19T09:51:15
HPL,INE495S01016,2024-08-19,NSE,EQ,EQ,sell,false,10.000000,635.250000,202460446,1100000012755598,2024-08-19T10:07:08
HPL,INE495S01016,2024-08-19,NSE,EQ,EQ,sell,false,28.000000,635.349976,202460445,1100000012755598,2024-08-19T10:07:08
WABAG,INE956G01038,2024-08-19,NSE,EQ,EQ,buy,false,18.000000,1382.550049,606759329,1300000033368132,2024-08-19T13:09:51
BBTC,INE050A01025,2024-08-19,NSE,EQ,EQ,sell,false,10.000000,2363.850098,7021716,1000000042582511,2024-08-19T15:09:25
JAYAGROGN,INE785A01026,2024-08-20,NSE,EQ,EQ,buy,false,47.000000,340.500000,402074894,1200000009199513,2024-08-20T09:44:20
JAYAGROGN,INE785A01026,2024-08-20,NSE,EQ,EQ,buy,false,2.000000,340.500000,402074893,1200000009199513,2024-08-20T09:44:20
JAYAGROGN,INE785A01026,2024-08-20,NSE,EQ,EQ,buy,false,2.000000,340.450012,402074892,1200000009199513,2024-08-20T09:44:20
JAYAGROGN,INE785A01026,2024-08-20,NSE,EQ,EQ,buy,false,10.000000,340.450012,402074891,1200000009199513,2024-08-20T09:44:20
JAYAGROGN,INE785A01026,2024-08-20,NSE,EQ,EQ,buy,false,2.000000,340.399994,402074890,1200000009199513,2024-08-20T09:44:20
JAYAGROGN,INE785A01026,2024-08-20,NSE,EQ,EQ,buy,false,10.000000,340.399994,402074889,1200000009199513,2024-08-20T09:44:20
INOXGREEN,INE510W01014,2024-08-20,NSE,EQ,EQ,sell,false,87.000000,189.720001,202027596,1100000011027007,2024-08-20T09:58:18
INOXGREEN,INE510W01014,2024-08-20,NSE,EQ,EQ,sell,false,2.000000,189.759995,202027593,1100000011027007,2024-08-20T09:58:18
INOXGREEN,INE510W01014,2024-08-20,NSE,EQ,EQ,sell,false,18.000000,189.759995,202027594,1100000011027007,2024-08-20T09:58:18
INOXGREEN,INE510W01014,2024-08-20,NSE,EQ,EQ,sell,false,18.000000,189.750000,202027595,1100000011027007,2024-08-20T09:58:18
WABAG,INE956G01038,2024-08-20,NSE,EQ,EQ,sell,false,18.000000,1354.900024,603487092,1300000015894664,2024-08-20T10:35:09
BALUFORGE,INE011E01029,2024-08-21,NSE,EQ,EQ,buy,false,50.000000,612.299988,468756,1000000002351192,2024-08-21T09:21:12
REFEX,INE056I01025,2024-08-21,NSE,EQ,EQ,buy,false,58.000000,286.399994,600627364,1300000003011360,2024-08-21T09:23:25
REFEX,INE056I01025,2024-08-21,NSE,EQ,EQ,buy,false,1.000000,286.350006,600627363,1300000003011360,2024-08-21T09:23:25
REFEX,INE056I01025,2024-08-21,NSE,EQ,EQ,buy,false,10.000000,286.450012,600627365,1300000003011360,2024-08-21T09:23:25
JAYAGROGN,INE785A01026,2024-08-21,BSE,EQ,B,sell,false,73.000000,334.000000,62415000,1724227136875696382,2024-08-21T13:50:03
ALEMBICLTD,INE426A01027,2024-08-22,NSE,EQ,EQ,buy,false,11.000000,154.940002,311310,1000000001592867,2024-08-22T09:18:46
ALEMBICLTD,INE426A01027,2024-08-22,NSE,EQ,EQ,buy,false,27.000000,154.949997,311311,1000000001592867,2024-08-22T09:18:46
ALEMBICLTD,INE426A01027,2024-08-22,NSE,EQ,EQ,buy,false,55.000000,154.940002,311308,1000000001592867,2024-08-22T09:18:46
ALEMBICLTD,INE426A01027,2024-08-22,NSE,EQ,EQ,buy,false,14.000000,154.940002,311309,1000000001592867,2024-08-22T09:18:46
KALYANKJIL,INE303R01014,2024-08-22,NSE,EQ,EQ,buy,false,13.000000,587.299988,401249145,1200000005916634,2024-08-22T09:31:37
KALYANKJIL,INE303R01014,2024-08-22,NSE,EQ,EQ,sell,false,13.000000,573.150024,402051822,1200000009947591,2024-08-22T09:48:30
KALYANKJIL,INE303R01014,2024-08-22,NSE,EQ,EQ,buy,false,11.000000,586.000000,402539622,1200000011692702,2024-08-22T10:01:12
BALUFORGE,INE011E01029,2024-08-23,NSE,EQ,EQ,sell,false,50.000000,751.000000,6261426,1000000036610904,2024-08-23T14:41:47
ALEMBICLTD,INE426A01027,2024-08-29,NSE,EQ,EQ,sell,false,107.000000,155.000000,3712054,1000000021679349,2024-08-29T11:23:05
REFEX,INE056I01025,2024-09-04,NSE,EQ,EQ,sell,false,30.000000,372.000000,601341156,1300000006438305,2024-09-04T09:38:31
REFEX,INE056I01025,2024-09-05,NSE,EQ,EQ,sell,false,17.000000,401.899994,602386430,1300000010696427,2024-09-05T10:03:52
REFEX,INE056I01025,2024-09-05,NSE,EQ,EQ,sell,false,3.000000,402.049988,602386429,1300000010696427,2024-09-05T10:03:52
INOXWIND,INE066P01011,2024-09-06,NSE,EQ,EQ,buy,false,145.000000,226.000000,201807380,1100000009272773,2024-09-06T09:47:44
BEPL,INE922A01025,2024-09-09,NSE,EQ,EQ,sell,false,166.000000,159.000000,791712,1000000003913593,2024-09-09T09:26:20
INOXWIND,INE066P01011,2024-09-09,BSE,EQ,A,sell,false,145.000000,218.350006,30302800,1725854193128189326,2024-09-09T09:29:41
REFEX,INE056I01025,2024-09-27,BSE,EQ,B,sell,false,18.000000,575.000000,47212800,1727429697943436301,2024-09-27T15:11:57
KALYANKJIL,INE303R01014,2024-10-07,NSE,EQ,EQ,sell,false,5.000000,700.700012,400731537,1200000003376812,2024-10-07T09:24:16
KALYANKJIL,INE303R01014,2024-10-07,NSE,EQ,EQ,sell,false,6.000000,700.700012,400731538,1200000003376812,2024-10-07T09:24:16
