symbol,isin,trade_date,exchange,segment,series,trade_type,auction,quantity,price,trade_id,order_id,order_execution_time
SRF,INE647A01010,2025-04-01,NSE,EQ,EQ,sell,false,4.000000,2907.699951,600533576,1300000002505249,2025-04-01T09:19:50
BDL,INE171Z01026,2025-04-21,NSE,EQ,EQ,buy,false,10.000000,1417.400024,393811,1000000002339650,2025-04-21T09:20:01
LLOYDSME,INE281B01032,2025-04-21,NSE,EQ,EQ,buy,false,10.000000,1309.500000,401339507,1200000008948889,2025-04-21T09:35:58
KIRIINDUS,INE415I01015,2025-04-21,NSE,EQ,EQ,buy,false,21.000000,654.299988,401384671,1200000009296202,2025-04-21T09:37:03
KIRIINDUS,INE415I01015,2025-04-21,NSE,EQ,EQ,sell,false,21.000000,637.950012,401674996,1200000011514765,2025-04-21T09:44:10
CHENNPETRO,INE178A01016,2025-04-21,NSE,EQ,EQ,buy,false,22.000000,635.700012,1641487,1000000012506544,2025-04-21T09:55:41
LLOYDSME,INE281B01032,2025-04-22,BSE,EQ,A,buy,false,6.000000,1319.699951,2321500,1745294458173193504,2025-04-22T09:35:35
THANGAMAYL,INE085J01014,2025-04-22,NSE,EQ,EQ,sell,false,2.000000,2177.100098,601838703,1300000012060101,2025-04-22T09:48:07
THANGAMAYL,INE085J01014,2025-04-22,NSE,EQ,EQ,sell,false,1.000000,2177.100098,601838702,1300000012060101,2025-04-22T09:48:07
CHENNPETRO,INE178A01016,2025-04-25,NSE,EQ,EQ,sell,false,22.000000,619.799988,2759876,1000000009064349,2025-04-25T09:39:39
LLOYDSME,INE281B01032,2025-04-25,BSE,EQ,A,sell,false,5.000000,1286.699951,2901600,1745553862591298587,2025-04-25T09:40:15
LLOYDSME,INE281B01032,2025-04-25,BSE,EQ,A,sell,false,1.000000,1286.699951,2901800,1745553862591298587,2025-04-25T09:40:15
LLOYDSME,INE281B01032,2025-04-25,NSE,EQ,EQ,sell,false,1.000000,1276.699951,402325371,1200000016016739,2025-04-25T09:51:24
LLOYDSME,INE281B01032,2025-04-25,NSE,EQ,EQ,sell,false,7.000000,1276.900024,402325370,1200000016016739,2025-04-25T09:51:24
LLOYDSME,INE281B01032,2025-04-25,NSE,EQ,EQ,sell,false,2.000000,1276.599976,402325372,1200000016016739,2025-04-25T09:51:24
BDL,INE171Z01026,2025-04-25,NSE,EQ,EQ,sell,false,10.000000,1383.099976,2336707,1000000017042104,2025-04-25T10:05:38
MOTILALOFS,INE338I01027,2025-05-26,NSE,EQ,EQ,buy,false,23.000000,790.000000,400348881,1200000002263961,2025-05-26T09:19:10
HUDCO,INE031A01017,2025-05-26,NSE,EQ,EQ,buy,false,78.000000,233.220001,200703356,1100000004237014,2025-05-26T09:22:09
UJJIVANSFB,INE551W01018,2025-05-26,NSE,EQ,EQ,buy,false,395.000000,45.549999,600816606,1300000004957579,2025-05-26T09:24:43
UJJIVANSFB,INE551W01018,2025-05-26,NSE,EQ,EQ,sell,false,395.000000,44.549999,604483921,1300000037663352,2025-05-26T11:51:55
HUDCO,INE031A01017,2025-05-27,NSE,EQ,EQ,buy,false,70.000000,239.279999,200504000,1100000003302658,2025-05-27T09:20:18
VMM,INE01EA01019,2025-05-28,NSE,EQ,EQ,buy,false,142.000000,127.510002,600247589,1300000001439882,2025-05-28T09:16:58
VMM,INE01EA01019,2025-05-28,NSE,EQ,EQ,buy,false,2.000000,127.500000,600247588,1300000001439882,2025-05-28T09:16:58
MANAPPURAM,INE522D01027,2025-05-28,NSE,EQ,EQ,buy,false,36.000000,233.869995,400341810,1200000002505877,2025-05-28T09:20:06
MANAPPURAM,INE522D01027,2025-05-28,NSE,EQ,EQ,buy,false,41.000000,233.869995,400341809,1200000002505877,2025-05-28T09:20:06
HUDCO,INE031A01017,2025-05-28,NSE,EQ,EQ,buy,false,58.000000,243.250000,200665317,1100000004376708,2025-05-28T09:22:26
JYOTICNC,INE980O01024,2025-05-30,NSE,EQ,EQ,buy,false,1.000000,1258.500000,200680315,1100000004418534,2025-05-30T09:23:41
JYOTICNC,INE980O01024,2025-05-30,NSE,EQ,EQ,buy,false,10.000000,1258.500000,200680316,1100000004418534,2025-05-30T09:23:41
JYOTICNC,INE980O01024,2025-05-30,NSE,EQ,EQ,buy,false,2.000000,1258.800049,200680319,1100000004418534,2025-05-30T09:23:41
JYOTICNC,INE980O01024,2025-05-30,NSE,EQ,EQ,buy,false,1.000000,1258.699951,200680318,1100000004418534,2025-05-30T09:23:41
JYOTICNC,INE980O01024,2025-05-30,NSE,EQ,EQ,buy,false,1.000000,1258.599976,200680317,1100000004418534,2025-05-30T09:23:41
ITCHOTELS,INE379A01028,2025-05-30,NSE,EQ,EQ,buy,false,90.000000,211.899994,201064247,1100000007200018,2025-05-30T09:31:24
HUDCO,INE031A01017,2025-05-30,NSE,EQ,EQ,sell,false,11.000000,236.750000,202163098,1100000015490396,2025-05-30T10:00:27
HUDCO,INE031A01017,2025-05-30,NSE,EQ,EQ,sell,false,47.000000,236.750000,202163099,1100000015490396,2025-05-30T10:00:27
MANAPPURAM,INE522D01027,2025-05-30,NSE,EQ,EQ,buy,false,2.000000,238.960007,406378511,1200000060130114,2025-05-30T14:11:07
MANAPPURAM,INE522D01027,2025-05-30,NSE,EQ,EQ,buy,false,73.000000,238.960007,406378512,1200000060130114,2025-05-30T14:11:07
MOTILALOFS,INE338I01027,2025-05-30,NSE,EQ,EQ,buy,false,10.000000,807.200012,406519275,1200000061323694,2025-05-30T14:17:52
MANAPPURAM,INE522D01027,2025-06-04,NSE,EQ,EQ,sell,false,57.000000,233.270004,403282861,1200000032023966,2025-06-04T11:35:59
MANAPPURAM,INE522D01027,2025-06-04,NSE,EQ,EQ,sell,false,1.000000,233.270004,403282860,1200000032023966,2025-06-04T11:35:59
MANAPPURAM,INE522D01027,2025-06-04,NSE,EQ,EQ,sell,false,17.000000,233.270004,403282862,1200000032023966,2025-06-04T11:35:59
NETWEB,INE0NT901020,2025-06-06,NSE,EQ,EQ,buy,false,5.000000,2027.400024,400398929,1200000002919030,2025-06-06T09:20:38
NETWEB,INE0NT901020,2025-06-06,NSE,EQ,EQ,buy,false,3.000000,2027.300049,400398928,1200000002919030,2025-06-06T09:20:38
JYOTICNC,INE980O01024,2025-06-06,NSE,EQ,EQ,sell,false,15.000000,1227.099976,203807041,1100000032688365,2025-06-06T11:05:28
ITCHOTELS,INE379A01028,2025-06-06,NSE,EQ,EQ,buy,false,30.000000,218.500000,207817515,1100000066899324,2025-06-06T14:01:47
ITCHOTELS,INE379A01028,2025-06-06,NSE,EQ,EQ,buy,false,1.000000,218.520004,207817516,1100000066899324,2025-06-06T14:01:47
ITCHOTELS,INE379A01028,2025-06-06,NSE,EQ,EQ,buy,false,60.000000,218.529999,207817517,1100000066899324,2025-06-06T14:01:47
NETWEB,INE0NT901020,2025-06-06,NSE,EQ,EQ,sell,false,8.000000,1966.099976,408096419,1200000075986239,2025-06-06T15:21:53
BANCOINDIA,INE213C01025,2025-06-09,NSE,EQ,EQ,buy,false,26.000000,579.950012,463911,1000000002598550,2025-06-09T09:19:31
BANCOINDIA,INE213C01025,2025-06-09,NSE,EQ,EQ,sell,false,10.000000,565.500000,4903839,1000000041327702,2025-06-09T12:34:30
BANCOINDIA,INE213C01025,2025-06-09,NSE,EQ,EQ,sell,false,1.000000,565.500000,4903838,1000000041327702,2025-06-09T12:34:30
BANCOINDIA,INE213C01025,2025-06-09,NSE,EQ,EQ,sell,false,3.000000,565.500000,4903840,1000000041327702,2025-06-09T12:34:30
BANCOINDIA,INE213C01025,2025-06-09,NSE,EQ,EQ,sell,false,12.000000,565.500000,4903837,1000000041327702,2025-06-09T12:34:30
IRCON,INE962Y01021,2025-06-10,NSE,EQ,EQ,buy,false,90.000000,221.970001,200452762,1100000002597232,2025-06-10T09:18:35
HEG,INE545A01024,2025-06-10,NSE,EQ,EQ,buy,false,9.000000,532.950012,200824198,1100000005144380,2025-06-10T09:24:01
IRCON,INE962Y01021,2025-06-10,NSE,EQ,EQ,sell,false,79.000000,215.660004,201521621,1100000010260194,2025-06-10T09:37:38
IRCON,INE962Y01021,2025-06-10,NSE,EQ,EQ,sell,false,11.000000,215.660004,201521622,1100000010260194,2025-06-10T09:37:38
HPL,INE495S01016,2025-06-11,NSE,EQ,EQ,buy,false,8.000000,593.349976,200780148,1100000005388829,2025-06-11T09:26:07
HPL,INE495S01016,2025-06-11,NSE,EQ,EQ,buy,false,25.000000,593.250000,200780147,1100000005388829,2025-06-11T09:26:07
HPL,INE495S01016,2025-06-11,NSE,EQ,EQ,sell,false,1.000000,576.200012,205689601,1100000044271603,2025-06-11T12:37:45
HPL,INE495S01016,2025-06-11,NSE,EQ,EQ,sell,false,29.000000,576.200012,205713474,1100000044271603,2025-06-11T12:37:45
HPL,INE495S01016,2025-06-11,NSE,EQ,EQ,sell,false,1.000000,576.200012,205688862,1100000044271603,2025-06-11T12:37:45
HPL,INE495S01016,2025-06-11,NSE,EQ,EQ,sell,false,1.000000,576.250000,205688861,1100000044271603,2025-06-11T12:37:45
HPL,INE495S01016,2025-06-11,NSE,EQ,EQ,sell,false,1.000000,576.200012,205688863,1100000044271603,2025-06-11T12:37:45
HEG,INE545A01024,2025-06-11,NSE,EQ,EQ,sell,false,9.000000,517.299988,207321316,1100000056371569,2025-06-11T13:43:45
TI,INE133E01013,2025-06-12,NSE,EQ,EQ,buy,false,35.000000,371.649994,601314337,1300000008866996,2025-06-12T09:33:22
TI,INE133E01013,2025-06-12,NSE,EQ,EQ,buy,false,2.000000,371.700012,601314338,1300000008866996,2025-06-12T09:33:22
TI,INE133E01013,2025-06-12,NSE,EQ,EQ,buy,false,27.000000,371.700012,601314339,1300000008866996,2025-06-12T09:33:22
MANAPPURAM,INE522D01027,2025-06-12,NSE,EQ,EQ,sell,false,26.000000,269.989990,401511929,1200000013505028,2025-06-12T09:50:24
BALUFORGE,INE011E01029,2025-06-12,BSE,EQ,B,buy,false,9.000000,773.750000,8846400,1749703469046418404,2025-06-12T10:27:40
TI,INE133E01013,2025-06-12,NSE,EQ,EQ,sell,false,48.000000,362.399994,604364543,1300000034020659,2025-06-12T11:18:45
TI,INE133E01013,2025-06-12,NSE,EQ,EQ,sell,false,16.000000,362.500000,604364542,1300000034020659,2025-06-12T11:18:45
HUDCO,INE031A01017,2025-06-12,NSE,EQ,EQ,sell,false,70.000000,233.610001,206805758,1100000057393213,2025-06-12T13:43:30
ITCHOTELS,INE379A01028,2025-06-12,NSE,EQ,EQ,sell,false,32.000000,212.800003,210068546,1100000080882941,2025-06-12T15:23:32
ITCHOTELS,INE379A01028,2025-06-12,NSE,EQ,EQ,sell,false,59.000000,212.690002,210068547,1100000080882941,2025-06-12T15:23:32
HUDCO,INE031A01017,2025-06-13,NSE,EQ,EQ,sell,false,68.000000,226.899994,200321167,1100000000352781,2025-06-13T09:15:02
HUDCO,INE031A01017,2025-06-13,NSE,EQ,EQ,sell,false,10.000000,226.899994,200319003,1100000000352781,2025-06-13T09:15:02
VMM,INE01EA01019,2025-06-16,NSE,EQ,EQ,sell,false,144.000000,122.239998,602020135,1300000016002258,2025-06-16T09:49:14
FIEMIND,INE737H01014,2025-06-16,NSE,EQ,EQ,buy,false,10.000000,1936.000000,206621668,1100000067486237,2025-06-16T14:15:43
FIEMIND,INE737H01014,2025-06-16,NSE,EQ,EQ,buy,false,1.000000,1936.000000,206621669,1100000067486237,2025-06-16T14:15:43
ITCHOTELS,INE379A01028,2025-06-16,NSE,EQ,EQ,buy,false,24.000000,214.520004,206733051,1100000068504695,2025-06-16T14:22:01
ITCHOTELS,INE379A01028,2025-06-16,NSE,EQ,EQ,buy,false,36.000000,214.509995,206733050,1100000068504695,2025-06-16T14:22:01
MOTILALOFS,INE338I01027,2025-06-16,BSE,EQ,A,buy,false,6.000000,821.400024,10520200,1750065450009588215,2025-06-16T15:15:08
FIEMIND,INE737H01014,2025-06-17,NSE,EQ,EQ,buy,false,6.000000,1944.500000,201184954,1100000010760462,2025-06-17T09:40:34
DLF,INE271C01023,2025-06-17,NSE,EQ,EQ,buy,false,28.000000,871.000000,201328217,1100000012257677,2025-06-17T09:45:29
DLF,INE271C01023,2025-06-18,NSE,EQ,EQ,sell,false,23.000000,849.250000,203706220,1100000035890429,2025-06-18T11:18:14
DLF,INE271C01023,2025-06-18,NSE,EQ,EQ,sell,false,5.000000,849.250000,203706016,1100000035890429,2025-06-18T11:18:14
BEML,INE258A01016,2025-06-19,NSE,EQ,EQ,buy,false,4.000000,4532.899902,1031418,1000000010034213,2025-06-19T09:47:53
BDL,INE171Z01026,2025-06-19,NSE,EQ,EQ,buy,false,10.000000,1940.699951,1017946,1000000010817609,2025-06-19T09:50:57
BEML,INE258A01016,2025-06-19,NSE,EQ,EQ,sell,false,4.000000,4420.100098,1848450,1000000020153078,2025-06-19T10:35:56
BDL,INE171Z01026,2025-06-19,NSE,EQ,EQ,sell,false,10.000000,1892.199951,3145240,1000000035392539,2025-06-19T12:08:02
FIEMIND,INE737H01014,2025-06-19,NSE,EQ,EQ,sell,false,6.000000,1895.400024,208603173,1100000086714855,2025-06-19T15:15:03
FIEMIND,INE737H01014,2025-06-20,NSE,EQ,EQ,sell,false,11.000000,1887.599976,200047356,1100000000344771,2025-06-20T09:15:06
MANAPPURAM,INE522D01027,2025-06-20,NSE,EQ,EQ,buy,false,48.000000,271.140015,405774696,1200000071540400,2025-06-20T14:51:43
HOMEFIRST,INE481N01025,2025-06-24,NSE,EQ,EQ,buy,false,8.000000,1322.400024,200308096,1100000001720453,2025-06-24T09:16:58
HOMEFIRST,INE481N01025,2025-06-24,NSE,EQ,EQ,buy,false,7.000000,1322.599976,200308098,1100000001720453,2025-06-24T09:16:58
HOMEFIRST,INE481N01025,2025-06-24,NSE,EQ,EQ,buy,false,3.000000,1322.500000,200308097,1100000001720453,2025-06-24T09:16:58
MANAPPURAM,INE522D01027,2025-06-24,NSE,EQ,EQ,buy,false,36.000000,272.980011,400307207,1200000001952393,2025-06-24T09:17:38
DLF,INE271C01023,2025-06-24,NSE,EQ,EQ,buy,false,23.000000,863.599976,200727028,1100000004959859,2025-06-24T09:23:04
MANAPPURAM,INE522D01027,2025-06-25,NSE,EQ,EQ,buy,false,26.000000,271.250000,401464361,1200000015160543,2025-06-25T09:51:19
DLF,INE271C01023,2025-06-26,NSE,EQ,EQ,sell,false,14.000000,841.500000,201326546,1100000010458794,2025-06-26T09:39:45
DLF,INE271C01023,2025-06-26,NSE,EQ,EQ,sell,false,5.000000,841.500000,201326547,1100000010458794,2025-06-26T09:39:45
DLF,INE271C01023,2025-06-26,NSE,EQ,EQ,sell,false,4.000000,841.500000,201326548,1100000010458794,2025-06-26T09:39:45
CDSL,INE736A01011,2025-06-27,NSE,EQ,EQ,buy,false,10.000000,1783.500000,1435209,1000000012973437,2025-06-27T09:55:54
HOMEFIRST,INE481N01025,2025-07-01,NSE,EQ,EQ,sell,false,18.000000,1325.300049,203034299,1100000026288484,2025-07-01T10:36:48
CDSL,INE736A01011,2025-07-02,NSE,EQ,EQ,buy,false,3.000000,1810.000000,831799,1000000007542954,2025-07-02T09:36:46
ZENSARTECH,INE520A01027,2025-07-02,NSE,EQ,EQ,buy,false,23.000000,863.700012,601626777,1300000012528440,2025-07-02T09:46:14
CDSL,INE736A01011,2025-07-02,NSE,EQ,EQ,sell,false,3.000000,1765.300049,4773020,1000000051688712,2025-07-02T13:48:32
MOTILALOFS,INE338I01027,2025-07-03,NSE,EQ,EQ,sell,false,13.000000,907.200012,402037579,1200000021322059,2025-07-03T10:19:55
CDSL,INE736A01011,2025-07-04,NSE,EQ,EQ,sell,false,10.000000,1738.500000,3668532,1000000033803732,2025-07-04T11:47:52
HONDAPOWER,INE634A01018,2025-07-04,NSE,EQ,EQ,buy,false,5.000000,3017.300049,203733286,1100000035257356,2025-07-04T11:48:12
DBREALTY,INE879I01012,2025-07-07,NSE,EQ,EQ,buy,false,32.000000,234.100006,200638634,1100000004594818,2025-07-07T09:22:47
DBREALTY,INE879I01012,2025-07-07,NSE,EQ,EQ,buy,false,9.000000,234.100006,200638633,1100000004594818,2025-07-07T09:22:47
ZENSARTECH,INE520A01027,2025-07-07,NSE,EQ,EQ,sell,false,9.000000,842.099976,601372489,1300000011767958,2025-07-07T09:46:38
ZENSARTECH,INE520A01027,2025-07-07,NSE,EQ,EQ,sell,false,13.000000,842.099976,601372490,1300000011767958,2025-07-07T09:46:38
ZENSARTECH,INE520A01027,2025-07-07,NSE,EQ,EQ,sell,false,1.000000,842.099976,601372488,1300000011767958,2025-07-07T09:46:38
DBREALTY,INE879I01012,2025-07-07,NSE,EQ,EQ,buy,false,26.000000,235.440002,204737755,1100000046139230,2025-07-07T12:13:04
DBREALTY,INE879I01012,2025-07-07,NSE,EQ,EQ,buy,false,16.000000,235.440002,204737756,1100000046139230,2025-07-07T12:13:04
EDELWEISS,INE532F01054,2025-07-08,NSE,EQ,EQ,buy,false,1.000000,116.290001,201672024,1100000013251446,2025-07-08T09:46:50
EDELWEISS,INE532F01054,2025-07-08,NSE,EQ,EQ,buy,false,164.000000,116.300003,201672025,1100000013251446,2025-07-08T09:46:50
EDELWEISS,INE532F01054,2025-07-08,NSE,EQ,EQ,sell,false,43.000000,113.389999,204710445,1100000042854274,2025-07-08T12:22:29
EDELWEISS,INE532F01054,2025-07-08,NSE,EQ,EQ,sell,false,122.000000,113.389999,204710455,1100000042854274,2025-07-08T12:22:29
MANAPPURAM,INE522D01027,2025-07-09,NSE,EQ,EQ,sell,false,1.000000,264.399994,402989852,1200000032001868,2025-07-09T11:33:22
MANAPPURAM,INE522D01027,2025-07-09,NSE,EQ,EQ,sell,false,48.000000,264.399994,402989855,1200000032001894,2025-07-09T11:33:22
MANAPPURAM,INE522D01027,2025-07-09,NSE,EQ,EQ,sell,false,33.000000,264.399994,402989854,1200000032001868,2025-07-09T11:33:22
MANAPPURAM,INE522D01027,2025-07-09,NSE,EQ,EQ,sell,false,2.000000,264.399994,402989853,1200000032001868,2025-07-09T11:33:22
RTNINDIA,INE834M01019,2025-07-10,NSE,EQ,EQ,buy,false,152.000000,65.760002,601975662,1300000015995692,2025-07-10T10:02:56
STAR,INE939A01011,2025-07-11,NSE,EQ,EQ,buy,false,12.000000,888.450012,601495499,1300000012191260,2025-07-11T09:47:37
ITCHOTELS,INE379A01028,2025-07-11,NSE,EQ,EQ,sell,false,29.000000,231.210007,207268254,1100000068960016,2025-07-11T14:22:50
ITCHOTELS,INE379A01028,2025-07-11,NSE,EQ,EQ,sell,false,46.000000,231.210007,207268255,1100000068960016,2025-07-11T14:22:50
RTNINDIA,INE834M01019,2025-07-11,NSE,EQ,EQ,sell,false,152.000000,63.790001,607701520,1300000069041968,2025-07-11T15:18:47
ITCHOTELS,INE379A01028,2025-07-14,NSE,EQ,EQ,sell,false,14.000000,232.690002,202353287,1100000021083072,2025-07-14T10:12:21
ITCHOTELS,INE379A01028,2025-07-14,NSE,EQ,EQ,sell,false,61.000000,232.699997,202353286,1100000021083072,2025-07-14T10:12:21
ELLEN,INE236E01022,2025-07-14,NSE,EQ,EQ,buy,false,17.000000,620.000000,203964243,1100000036774507,2025-07-14T11:23:28
ELLEN,INE236E01022,2025-07-14,NSE,EQ,EQ,sell,false,5.000000,585.700012,205934551,1100000055623343,2025-07-14T13:06:09
ELLEN,INE236E01022,2025-07-14,NSE,EQ,EQ,sell,false,6.000000,585.700012,205934615,1100000055623343,2025-07-14T13:06:09
ELLEN,INE236E01022,2025-07-14,NSE,EQ,EQ,sell,false,6.000000,585.700012,205934614,1100000055623343,2025-07-14T13:06:09
HONDAPOWER,INE634A01018,2025-07-14,NSE,EQ,EQ,sell,false,5.000000,2942.100098,207419105,1100000069099514,2025-07-14T14:14:57
STAR,INE939A01011,2025-07-15,NSE,EQ,EQ,buy,false,12.000000,912.000000,602237679,1300000018160709,2025-07-15T10:14:24
GENUSPOWER,INE955D01029,2025-07-16,NSE,EQ,EQ,buy,false,11.000000,376.450012,200566157,1100000003981180,2025-07-16T09:21:22
GENUSPOWER,INE955D01029,2025-07-16,NSE,EQ,EQ,buy,false,4.000000,376.299988,200566152,1100000003981180,2025-07-16T09:21:22
GENUSPOWER,INE955D01029,2025-07-16,NSE,EQ,EQ,buy,false,5.000000,376.399994,200566154,1100000003981180,2025-07-16T09:21:22
GENUSPOWER,INE955D01029,2025-07-16,NSE,EQ,EQ,buy,false,2.000000,376.450012,200566155,1100000003981180,2025-07-16T09:21:22
GENUSPOWER,INE955D01029,2025-07-16,NSE,EQ,EQ,buy,false,4.000000,376.450012,200566156,1100000003981180,2025-07-16T09:21:22
GENUSPOWER,INE955D01029,2025-07-16,NSE,EQ,EQ,buy,false,1.000000,376.299988,200566153,1100000003981180,2025-07-16T09:21:22
EDELWEISS,INE532F01054,2025-07-16,NSE,EQ,EQ,buy,false,87.000000,115.599998,201284392,1100000010080453,2025-07-16T09:37:49
LTFOODS,INE818H01020,2025-07-16,NSE,EQ,EQ,buy,false,7.000000,492.799988,401636809,1200000016307009,2025-07-16T10:02:58
LTFOODS,INE818H01020,2025-07-16,NSE,EQ,EQ,buy,false,14.000000,492.750000,401636808,1200000016307009,2025-07-16T10:02:58
LTFOODS,INE818H01020,2025-07-16,NSE,EQ,EQ,buy,false,2.000000,492.799988,401636811,1200000016307009,2025-07-16T10:02:58
LTFOODS,INE818H01020,2025-07-16,NSE,EQ,EQ,buy,false,15.000000,492.799988,401636810,1200000016307009,2025-07-16T10:02:58
LTFOODS,INE818H01020,2025-07-16,NSE,EQ,EQ,buy,false,55.000000,492.649994,401636807,1200000016307009,2025-07-16T10:02:58
STAR,INE939A01011,2025-07-18,NSE,EQ,EQ,sell,false,3.000000,888.400024,601485704,1300000011682710,2025-07-18T09:46:01
STAR,INE939A01011,2025-07-18,NSE,EQ,EQ,sell,false,5.000000,888.400024,601485705,1300000011682710,2025-07-18T09:46:01
STAR,INE939A01011,2025-07-18,NSE,EQ,EQ,sell,false,4.000000,888.400024,601485706,1300000011682710,2025-07-18T09:46:01
GENUSPOWER,INE955D01029,2025-07-18,NSE,EQ,EQ,sell,false,1.000000,365.149994,205620466,1100000048669848,2025-07-18T12:55:49
GENUSPOWER,INE955D01029,2025-07-18,NSE,EQ,EQ,sell,false,20.000000,365.200012,205620464,1100000048669848,2025-07-18T12:55:49
GENUSPOWER,INE955D01029,2025-07-18,NSE,EQ,EQ,sell,false,4.000000,365.250000,205620463,1100000048669848,2025-07-18T12:55:49
GENUSPOWER,INE955D01029,2025-07-18,NSE,EQ,EQ,sell,false,1.000000,365.200012,205620465,1100000048669848,2025-07-18T12:55:49
GENUSPOWER,INE955D01029,2025-07-18,NSE,EQ,EQ,sell,false,1.000000,365.149994,205620467,1100000048669848,2025-07-18T12:55:49
STAR,INE939A01011,2025-07-18,NSE,EQ,EQ,sell,false,12.000000,866.250000,605651429,1300000051698990,2025-07-18T13:31:46
DBREALTY,,2025-07-18,BSE,EQ,T,sell,false,83.000000,200.000000,238700,1752809400234002110,2025-07-18T14:47:49
EDELWEISS,INE532F01054,2025-07-23,NSE,EQ,EQ,sell,false,21.000000,112.220001,201185834,1100000009457956,2025-07-23T09:37:36
EDELWEISS,INE532F01054,2025-07-23,NSE,EQ,EQ,sell,false,11.000000,112.220001,201185835,1100000009457956,2025-07-23T09:37:36
EDELWEISS,INE532F01054,2025-07-23,NSE,EQ,EQ,sell,false,55.000000,112.220001,201185836,1100000009457956,2025-07-23T09:37:36
LTFOODS,INE818H01020,2025-07-23,NSE,EQ,EQ,sell,false,45.000000,495.649994,402187311,1200000022801702,2025-07-23T10:26:33
LTFOODS,INE818H01020,2025-07-23,NSE,EQ,EQ,sell,false,4.000000,495.649994,402187314,1200000022801702,2025-07-23T10:26:33
LTFOODS,INE818H01020,2025-07-23,NSE,EQ,EQ,sell,false,28.000000,495.600006,402187315,1200000022801702,2025-07-23T10:26:33
LTFOODS,INE818H01020,2025-07-23,NSE,EQ,EQ,sell,false,1.000000,495.649994,402187312,1200000022801702,2025-07-23T10:26:33
LTFOODS,INE818H01020,2025-07-23,NSE,EQ,EQ,sell,false,15.000000,495.649994,402187313,1200000022801702,2025-07-23T10:26:33
MOSCHIP,INE935B01025,2025-07-31,NSE,EQ,EQ,buy,false,7.000000,176.899994,400691309,1200000004437651,2025-07-31T09:24:36
MOSCHIP,INE935B01025,2025-07-31,NSE,EQ,EQ,buy,false,21.000000,176.889999,400691308,1200000004437651,2025-07-31T09:24:36
MOSCHIP,INE935B01025,2025-07-31,NSE,EQ,EQ,sell,false,28.000000,175.110001,400784090,1200000005106132,2025-07-31T09:27:03
JINDRILL,INE742C01031,2025-07-31,NSE,EQ,EQ,buy,false,8.000000,663.599976,201282263,1100000007988180,2025-07-31T09:31:32
JINDRILL,INE742C01031,2025-07-31,NSE,EQ,EQ,sell,false,8.000000,659.200012,201619223,1100000010730649,2025-07-31T09:39:14
PRICOLLTD,INE726V01018,2025-08-01,NSE,EQ,EQ,buy,false,11.000000,460.450012,400322683,1200000002453684,2025-08-01T09:19:19
NETWEB,INE0NT901020,2025-08-01,NSE,EQ,EQ,buy,false,3.000000,2139.100098,400495123,1200000004047963,2025-08-01T09:23:23
PRICOLLTD,INE726V01018,2025-08-01,NSE,EQ,EQ,sell,false,11.000000,458.049988,401552648,1200000014796406,2025-08-01T09:56:12
NETWEB,INE0NT901020,2025-08-04,NSE,EQ,EQ,buy,false,1.000000,2182.000000,401441023,1200000013010479,2025-08-04T09:46:01
NETWEB,INE0NT901020,2025-08-04,NSE,EQ,EQ,buy,false,1.000000,2182.300049,401441024,1200000013010479,2025-08-04T09:46:01
NETWEB,INE0NT901020,2025-08-04,NSE,EQ,EQ,buy,false,1.000000,2181.899902,401441022,1200000013010479,2025-08-04T09:46:01
AZAD,INE02IJ01035,2025-08-05,NSE,EQ,EQ,buy,false,5.000000,1605.000000,484136,1000000003853238,2025-08-05T09:24:02
AZAD,INE02IJ01035,2025-08-05,NSE,EQ,EQ,sell,false,5.000000,1576.000000,909741,1000000008041066,2025-08-05T09:39:44
NETWEB,INE0NT901020,2025-08-07,NSE,EQ,EQ,sell,false,1.000000,2113.699951,400034359,1200000000236221,2025-08-07T09:15:05
NETWEB,INE0NT901020,2025-08-07,NSE,EQ,EQ,sell,false,2.000000,2115.500000,400034358,1200000000236221,2025-08-07T09:15:05
NETWEB,INE0NT901020,2025-08-07,BSE,EQ,A,sell,false,3.000000,2117.250000,107700,1754537400041005931,2025-08-07T09:15:22
GOODLUCK,INE127I01024,2025-09-05,NSE,EQ,EQ,buy,false,13.000000,1213.500000,200391555,1100000003378968,2025-09-05T09:22:15
IXIGO,INE0HV901016,2025-09-05,NSE,EQ,EQ,buy,false,40.000000,291.850006,201791554,1100000004887209,2025-09-05T09:26:45
CRIZAC,INE0S4R01014,2025-09-08,NSE,EQ,EQ,buy,false,33.000000,377.350006,421133,1000000003440470,2025-09-08T09:24:14
CRIZAC,INE0S4R01014,2025-09-08,NSE,EQ,EQ,buy,false,6.000000,377.350006,421132,1000000003440470,2025-09-08T09:24:14
KIOCL,INE880L01014,2025-09-08,NSE,EQ,EQ,buy,false,21.000000,471.000000,404567086,1200000041210893,2025-09-08T12:15:00
KIOCL,INE880L01014,2025-09-08,NSE,EQ,EQ,buy,false,11.000000,471.000000,404567173,1200000041210893,2025-09-08T12:15:00
KIOCL,INE880L01014,2025-09-08,NSE,EQ,EQ,buy,false,33.000000,467.000000,405228395,1200000047467546,2025-09-08T12:57:39
CRIZAC,INE0S4R01014,2025-09-09,NSE,EQ,EQ,sell,false,10.000000,366.149994,525324,1000000004423351,2025-09-09T09:26:59
CRIZAC,INE0S4R01014,2025-09-09,NSE,EQ,EQ,sell,false,21.000000,366.149994,525323,1000000004423351,2025-09-09T09:26:59
CRIZAC,INE0S4R01014,2025-09-09,NSE,EQ,EQ,sell,false,8.000000,366.299988,525322,1000000004423351,2025-09-09T09:26:59
CENTUM,INE320B01020,2025-09-09,NSE,EQ,EQ,buy,false,6.000000,2906.800049,1671691,1000000015602535,2025-09-09T10:30:00
CENTUM,INE320B01020,2025-09-10,NSE,EQ,EQ,sell,false,1.000000,2767.300049,224823,1000000001433349,2025-09-10T09:17:10
CENTUM,INE320B01020,2025-09-10,NSE,EQ,EQ,sell,false,1.000000,2767.300049,224820,1000000001433349,2025-09-10T09:17:10
CENTUM,INE320B01020,2025-09-10,NSE,EQ,EQ,sell,false,1.000000,2767.300049,224822,1000000001433349,2025-09-10T09:17:10
CENTUM,INE320B01020,2025-09-10,NSE,EQ,EQ,sell,false,3.000000,2767.300049,224821,1000000001433349,2025-09-10T09:17:10
KIOCL,INE880L01014,2025-09-10,BSE,EQ,A,sell,false,55.000000,446.850006,292300,1757475000151189576,2025-09-10T09:17:25
KIOCL,INE880L01014,2025-09-10,BSE,EQ,A,sell,false,10.000000,446.799988,292500,1757475000151189576,2025-09-10T09:17:25
GOODLUCK,INE127I01024,2025-09-10,NSE,EQ,EQ,sell,false,1.000000,1177.099976,203436498,1100000025711110,2025-09-10T11:04:42
GOODLUCK,INE127I01024,2025-09-10,NSE,EQ,EQ,sell,false,1.000000,1177.099976,203436469,1100000025711110,2025-09-10T11:04:42
GOODLUCK,INE127I01024,2025-09-10,NSE,EQ,EQ,sell,false,9.000000,1177.099976,203436464,1100000025711110,2025-09-10T11:04:42
GOODLUCK,INE127I01024,2025-09-10,NSE,EQ,EQ,sell,false,2.000000,1177.099976,203436467,1100000025711110,2025-09-10T11:04:42
ABCAPITAL,INE674K01013,2025-09-12,NSE,EQ,EQ,buy,false,52.000000,292.700012,4253486,1000000038549197,2025-09-12T13:44:33
HYUNDAI,INE0V6F01027,2025-09-12,NSE,EQ,EQ,buy,false,6.000000,2557.399902,207453796,1100000057925644,2025-09-12T14:31:10
RICOAUTO,INE209B01025,2025-09-15,NSE,EQ,EQ,buy,false,145.000000,104.300003,600142750,1300000000614687,2025-09-15T09:15:23
GPIL,INE177H01039,2025-09-15,NSE,EQ,EQ,buy,false,60.000000,248.000000,201138184,1100000007879461,2025-09-15T09:30:51
GPIL,INE177H01039,2025-09-15,NSE,EQ,EQ,buy,false,60.000000,254.100006,203027513,1100000023227723,2025-09-15T10:29:08
IXIGO,INE0HV901016,2025-09-15,BSE,EQ,B,sell,false,20.000000,289.799988,22712700,1757914968208430335,2025-09-15T11:25:49
IXIGO,INE0HV901016,2025-09-15,BSE,EQ,B,sell,false,20.000000,289.549988,22712900,1757914968208430335,2025-09-15T11:25:49
KIOCL,INE880L01014,2025-09-15,NSE,EQ,EQ,buy,false,1.000000,471.549988,404672598,1200000043710878,2025-09-15T13:38:31
KIOCL,INE880L01014,2025-09-15,NSE,EQ,EQ,buy,false,31.000000,471.799988,404672599,1200000043710878,2025-09-15T13:38:31
KIOCL,INE880L01014,2025-09-15,NSE,EQ,EQ,sell,false,30.000000,455.399994,406259508,1200000055881123,2025-09-15T15:14:01
KIOCL,INE880L01014,2025-09-15,NSE,EQ,EQ,sell,false,2.000000,455.549988,406259507,1200000055881123,2025-09-15T15:14:01
HYUNDAI,INE0V6F01027,2025-09-16,NSE,EQ,EQ,buy,false,3.000000,2562.000000,200523412,1100000004019465,2025-09-16T09:22:18
GPIL,INE177H01039,2025-09-17,NSE,EQ,EQ,buy,false,20.000000,264.070007,200429737,1100000003258038,2025-09-17T09:20:55
LUMAXIND,INE162B01018,2025-09-17,NSE,EQ,EQ,buy,false,2.000000,4240.000000,401133611,1200000009096486,2025-09-17T09:39:01
RICOAUTO,INE209B01025,2025-09-17,NSE,EQ,EQ,buy,false,60.000000,108.930000,603365266,1300000027618797,2025-09-17T10:59:39
RICOAUTO,INE209B01025,2025-09-17,NSE,EQ,EQ,buy,false,30.000000,108.940002,603407012,1300000028004139,2025-09-17T11:01:37
MOTILALOFS,INE338I01027,2025-09-17,BSE,EQ,A,sell,false,26.000000,933.349976,3334800,1758085110859727736,2025-09-17T11:09:23
ABCAPITAL,INE674K01013,2025-09-17,NSE,EQ,EQ,sell,false,18.000000,283.600006,5019227,1000000046863509,2025-09-17T14:31:02
ABCAPITAL,INE674K01013,2025-09-17,NSE,EQ,EQ,sell,false,28.000000,283.600006,5019228,1000000046863509,2025-09-17T14:31:02
ABCAPITAL,INE674K01013,2025-09-17,NSE,EQ,EQ,sell,false,4.000000,283.600006,5020187,1000000046863509,2025-09-17T14:31:02
ABCAPITAL,INE674K01013,2025-09-17,NSE,EQ,EQ,sell,false,1.000000,283.600006,5019816,1000000046863509,2025-09-17T14:31:02
ABCAPITAL,INE674K01013,2025-09-17,NSE,EQ,EQ,sell,false,1.000000,283.600006,5019468,1000000046863509,2025-09-17T14:31:02
RICOAUTO,INE209B01025,2025-09-17,NSE,EQ,EQ,sell,false,30.000000,105.830002,608299531,1300000067320205,2025-09-17T15:24:13
RICOAUTO,INE209B01025,2025-09-17,NSE,EQ,EQ,sell,false,60.000000,105.830002,608299532,1300000067320206,2025-09-17T15:24:13
JTEKTINDIA,INE643A01035,2025-09-18,NSE,EQ,EQ,buy,false,113.000000,177.199997,201229262,1100000007792704,2025-09-18T09:42:48
GPIL,INE177H01039,2025-09-18,NSE,EQ,EQ,sell,false,20.000000,256.149994,202616458,1100000018351707,2025-09-18T10:38:46
HYUNDAI,INE0V6F01027,2025-09-22,NSE,EQ,EQ,sell,false,3.000000,2836.100098,200677172,1100000004542377,2025-09-22T09:22:58
GPIL,INE177H01039,2025-09-22,NSE,EQ,EQ,buy,false,18.000000,268.100006,201850667,1100000013142488,2025-09-22T09:50:11
MANAPPURAM,INE522D01027,2025-09-22,NSE,EQ,EQ,sell,false,1.000000,291.850006,402533344,1200000024972857,2025-09-22T11:00:36
MANAPPURAM,INE522D01027,2025-09-22,NSE,EQ,EQ,sell,false,2.000000,291.850006,402533345,1200000024972857,2025-09-22T11:00:36
MANAPPURAM,INE522D01027,2025-09-22,NSE,EQ,EQ,sell,false,1.000000,291.799988,402533346,1200000024972857,2025-09-22T11:00:36
MANAPPURAM,INE522D01027,2025-09-22,NSE,EQ,EQ,sell,false,71.000000,291.799988,402533348,1200000024972857,2025-09-22T11:00:36
MANAPPURAM,INE522D01027,2025-09-22,NSE,EQ,EQ,sell,false,1.000000,291.850006,402533343,1200000024972857,2025-09-22T11:00:36
MANAPPURAM,INE522D01027,2025-09-22,NSE,EQ,EQ,sell,false,1.000000,291.799988,402533347,1200000024972857,2025-09-22T11:00:36
HYUNDAI,INE0V6F01027,2025-09-24,NSE,EQ,EQ,sell,false,6.000000,2736.199951,201083752,1100000009566822,2025-09-24T09:37:31
SANSERA,INE953O01021,2025-09-24,NSE,EQ,EQ,buy,false,9.000000,1503.099976,603207882,1300000029839022,2025-09-24T11:11:40
SANSERA,INE953O01021,2025-09-24,NSE,EQ,EQ,buy,false,5.000000,1503.099976,603151541,1300000029839022,2025-09-24T11:11:40
SANSERA,INE953O01021,2025-09-24,NSE,EQ,EQ,buy,false,3.000000,1504.500000,603169047,1300000030021102,2025-09-24T11:12:38
SANSERA,INE953O01021,2025-09-24,NSE,EQ,EQ,buy,false,4.000000,1504.500000,603175962,1300000030101476,2025-09-24T11:13:04
SANSERA,INE953O01021,2025-09-24,NSE,EQ,EQ,buy,false,1.000000,1504.500000,603175963,1300000030101476,2025-09-24T11:13:04
RICOAUTO,INE209B01025,2025-09-24,NSE,EQ,EQ,sell,false,2.000000,101.389999,604339017,1300000042102037,2025-09-24T12:26:23
RICOAUTO,INE209B01025,2025-09-24,NSE,EQ,EQ,sell,false,47.000000,101.379997,604339018,1300000042102037,2025-09-24T12:26:23
RICOAUTO,INE209B01025,2025-09-24,NSE,EQ,EQ,sell,false,96.000000,101.370003,604339019,1300000042102037,2025-09-24T12:26:23
SANSERA,INE953O01021,2025-09-24,NSE,EQ,EQ,sell,false,7.000000,1502.699951,605205076,1300000050787746,2025-09-24T13:26:39
SANSERA,INE953O01021,2025-09-25,NSE,EQ,EQ,sell,false,7.000000,1505.300049,600042508,1300000000321499,2025-09-25T09:15:01
GPIL,INE177H01039,2025-09-25,NSE,EQ,EQ,sell,false,18.000000,259.600006,200297147,1100000002221345,2025-09-25T09:18:19
LUMAXIND,INE162B01018,2025-09-25,BSE,EQ,B,sell,false,2.000000,4756.399902,5349900,1758779076128461962,2025-09-25T11:45:09
GPIL,INE177H01039,2025-09-25,NSE,EQ,EQ,sell,false,17.000000,262.019989,203576410,1100000037448467,2025-09-25T11:45:29
GPIL,INE177H01039,2025-09-25,NSE,EQ,EQ,sell,false,9.000000,262.019989,203576407,1100000037448467,2025-09-25T11:45:29
GPIL,INE177H01039,2025-09-25,NSE,EQ,EQ,sell,false,22.000000,262.019989,203576405,1100000037448467,2025-09-25T11:45:29
GPIL,INE177H01039,2025-09-25,NSE,EQ,EQ,sell,false,2.000000,262.019989,203576412,1100000037448467,2025-09-25T11:45:29
GPIL,INE177H01039,2025-09-25,NSE,EQ,EQ,sell,false,18.000000,262.019989,203576411,1100000037448467,2025-09-25T11:45:29
GPIL,INE177H01039,2025-09-25,NSE,EQ,EQ,sell,false,18.000000,262.019989,203576409,1100000037448467,2025-09-25T11:45:29
GPIL,INE177H01039,2025-09-25,NSE,EQ,EQ,sell,false,17.000000,262.019989,203576408,1100000037448467,2025-09-25T11:45:29
GPIL,INE177H01039,2025-09-25,NSE,EQ,EQ,sell,false,17.000000,262.019989,203576406,1100000037448467,2025-09-25T11:45:29
JTEKTINDIA,INE643A01035,2025-09-25,NSE,EQ,EQ,sell,false,13.000000,172.160004,203989647,1100000041545772,2025-09-25T12:08:58
JTEKTINDIA,INE643A01035,2025-09-25,NSE,EQ,EQ,sell,false,65.000000,172.160004,203989648,1100000041545772,2025-09-25T12:08:58
JTEKTINDIA,INE643A01035,2025-09-25,NSE,EQ,EQ,sell,false,35.000000,172.160004,203989649,1100000041545772,2025-09-25T12:08:58
SANSERA,INE953O01021,2025-09-29,NSE,EQ,EQ,sell,false,1.000000,1448.900024,601031938,1300000008756462,2025-09-29T09:31:54
SANSERA,INE953O01021,2025-09-29,NSE,EQ,EQ,sell,false,6.000000,1449.000000,601031937,1300000008756462,2025-09-29T09:31:54
SANSERA,INE953O01021,2025-09-29,NSE,EQ,EQ,sell,false,1.000000,1449.500000,601031936,1300000008756462,2025-09-29T09:31:54
SOUTHBANK,INE683A01023,2025-10-27,NSE,EQ,EQ,buy,false,801.000000,39.259998,600457068,1300000003022021,2025-10-27T09:19:50
JAICORPLTD,INE070D01027,2025-10-27,NSE,EQ,EQ,buy,false,5.000000,165.800003,200963922,1100000007821880,2025-10-27T09:30:06
JAICORPLTD,INE070D01027,2025-10-27,NSE,EQ,EQ,buy,false,164.000000,165.800003,200963924,1100000007821880,2025-10-27T09:30:06
JAICORPLTD,INE070D01027,2025-10-27,NSE,EQ,EQ,buy,false,19.000000,165.800003,200963921,1100000007821880,2025-10-27T09:30:06
JAICORPLTD,INE070D01027,2025-10-27,NSE,EQ,EQ,buy,false,1.000000,165.800003,200963923,1100000007821880,2025-10-27T09:30:06
GPIL,INE177H01039,2025-10-29,NSE,EQ,EQ,buy,false,51.000000,272.920013,200249498,1100000001759720,2025-10-29T09:17:19
GPIL,INE177H01039,2025-10-29,NSE,EQ,EQ,buy,false,12.000000,272.929993,200249499,1100000001759720,2025-10-29T09:17:19
GPIL,INE177H01039,2025-10-29,NSE,EQ,EQ,buy,false,28.000000,272.899994,200249497,1100000001759720,2025-10-29T09:17:19
SOUTHBANK,INE683A01023,2025-10-30,NSE,EQ,EQ,sell,false,801.000000,37.700001,604461179,1300000038063633,2025-10-30T12:13:53
SANDUMA,INE149K01016,2025-11-03,NSE,EQ,EQ,buy,false,111.000000,225.970001,605085106,1300000042600810,2025-11-03T12:14:03
SANDUMA,INE149K01016,2025-11-03,NSE,EQ,EQ,buy,false,1.000000,225.970001,605085105,1300000042600810,2025-11-03T12:14:03
SANDUMA,INE149K01016,2025-11-03,NSE,EQ,EQ,buy,false,13.000000,225.970001,605085104,1300000042600810,2025-11-03T12:14:03
SANDUMA,INE149K01016,2025-11-03,NSE,EQ,EQ,buy,false,13.000000,225.960007,605085103,1300000042600810,2025-11-03T12:14:03
SANDUMA,,2025-11-06,NSE,EQ,EQ,sell,false,138.000000,216.899994,601104152,1300000003272321,2025-11-06T09:20:29
JAICORPLTD,,2025-11-06,NSE,EQ,EQ,sell,false,189.000000,159.100006,200779190,1100000005410706,2025-11-06T09:23:48
ROSSTECH,,2025-11-10,NSE,EQ,EQ,buy,false,1.000000,707.950012,600358169,1300000002177820,2025-11-10T09:17:53
ROSSTECH,,2025-11-10,NSE,EQ,EQ,buy,false,15.000000,707.900024,600358168,1300000002177820,2025-11-10T09:17:53
ROSSTECH,,2025-11-10,NSE,EQ,EQ,buy,false,21.000000,707.500000,600358166,1300000002177820,2025-11-10T09:17:53
ROSSTECH,,2025-11-10,NSE,EQ,EQ,buy,false,7.000000,707.650024,600358167,1300000002177820,2025-11-10T09:17:53
ROSSTECH,,2025-11-10,NSE,EQ,EQ,buy,false,44.000000,700.000000,601535947,1300000012649492,2025-11-10T09:44:56
ROSSTECH,,2025-11-10,NSE,EQ,EQ,sell,false,10.000000,710.099976,605762749,1300000041914368,2025-11-10T11:59:49
ROSSTECH,,2025-11-10,NSE,EQ,EQ,sell,false,14.000000,710.099976,605733629,1300000041914368,2025-11-10T11:59:49
ROSSTECH,,2025-11-10,NSE,EQ,EQ,sell,false,29.000000,710.099976,605733628,1300000041914368,2025-11-10T11:59:49
ROSSTECH,,2025-11-10,NSE,EQ,EQ,sell,false,35.000000,710.099976,605860983,1300000041914368,2025-11-10T11:59:49
RPEL,,2025-11-10,NSE,EQ,EQ,buy,false,1.000000,950.799988,606024508,1300000059803070,2025-11-10T13:42:13
RPEL,,2025-11-10,NSE,EQ,EQ,buy,false,20.000000,950.799988,606024509,1300000059803070,2025-11-10T13:42:13
GPIL,,2025-11-11,NSE,EQ,EQ,sell,false,13.000000,275.399994,208904665,1100000071827774,2025-11-11T15:14:06
GPIL,,2025-11-11,NSE,EQ,EQ,sell,false,24.000000,275.399994,208904663,1100000071827774,2025-11-11T15:14:06
GPIL,,2025-11-11,NSE,EQ,EQ,sell,false,4.000000,275.399994,208904664,1100000071827774,2025-11-11T15:14:06
GPIL,,2025-11-11,NSE,EQ,EQ,sell,false,50.000000,275.399994,208904662,1100000071827774,2025-11-11T15:14:06
LUMAXTECH,,2025-11-12,NSE,EQ,EQ,buy,false,1.000000,1432.500000,403207780,1200000032208441,2025-11-12T11:54:00
LUMAXTECH,,2025-11-12,NSE,EQ,EQ,buy,false,2.000000,1432.000000,403207778,1200000032208441,2025-11-12T11:54:00
LUMAXTECH,,2025-11-12,NSE,EQ,EQ,buy,false,3.000000,1432.000000,403207777,1200000032208441,2025-11-12T11:54:00
LUMAXTECH,,2025-11-12,NSE,EQ,EQ,buy,false,5.000000,1431.900024,403207776,1200000032208441,2025-11-12T11:54:00
LUMAXTECH,,2025-11-12,NSE,EQ,EQ,buy,false,7.000000,1432.400024,403207779,1200000032208441,2025-11-12T11:54:00
RPEL,,2025-11-12,NSE,EQ,EQ,buy,false,10.000000,1000.000000,604263393,1300000034882787,2025-11-12T11:57:58
TDPOWERSYS,,2025-11-13,NSE,EQ,EQ,buy,false,36.000000,811.849976,600238223,1300000001589218,2025-11-13T09:17:09
TDPOWERSYS,,2025-11-13,NSE,EQ,EQ,sell,false,36.000000,779.200012,608263914,1300000058621068,2025-11-13T14:56:26
RPEL,,2025-11-13,NSE,EQ,EQ,sell,false,3.000000,961.400024,608022092,1300000062447025,2025-11-13T15:14:58
RPEL,,2025-11-13,NSE,EQ,EQ,sell,false,3.000000,961.400024,608022093,1300000062447025,2025-11-13T15:14:58
RPEL,,2025-11-13,NSE,EQ,EQ,sell,false,4.000000,961.349976,608022094,1300000062447025,2025-11-13T15:14:58
YATRA,,2025-11-17,NSE,EQ,EQ,buy,false,53.000000,191.929993,600933789,1300000006743262,2025-11-17T09:30:09
YATRA,,2025-11-17,NSE,EQ,EQ,buy,false,77.000000,191.940002,600933790,1300000006743262,2025-11-17T09:30:09
SYRMA,,2025-11-17,NSE,EQ,EQ,buy,false,16.000000,894.450012,601241571,1300000009165427,2025-11-17T09:38:35
SYRMA,,2025-11-17,NSE,EQ,EQ,buy,false,3.000000,894.349976,601241568,1300000009165427,2025-11-17T09:38:35
SYRMA,,2025-11-17,NSE,EQ,EQ,buy,false,3.000000,894.400024,601241569,1300000009165427,2025-11-17T09:38:35
SYRMA,,2025-11-17,NSE,EQ,EQ,buy,false,5.000000,894.400024,601241570,1300000009165427,2025-11-17T09:38:35
YATRA,,2025-11-17,NSE,EQ,EQ,sell,false,56.000000,192.600006,601547205,1300000011607409,2025-11-17T09:49:05
YATRA,,2025-11-17,NSE,EQ,EQ,sell,false,74.000000,192.600006,601547872,1300000011607409,2025-11-17T09:49:05
LGBBROSLTD,INE337A01034,2025-11-18,NSE,EQ,EQ,buy,false,4.000000,1907.300049,400119914,1200000000763484,2025-11-18T09:15:48
LGBBROSLTD,INE337A01034,2025-11-18,NSE,EQ,EQ,buy,false,1.000000,1907.300049,400119913,1200000000763484,2025-11-18T09:15:48
LGBBROSLTD,INE337A01034,2025-11-18,NSE,EQ,EQ,buy,false,1.000000,1907.300049,400119915,1200000000763484,2025-11-18T09:15:48
LGBBROSLTD,INE337A01034,2025-11-18,NSE,EQ,EQ,buy,false,1.000000,1907.300049,400119916,1200000000763484,2025-11-18T09:15:48
LGBBROSLTD,INE337A01034,2025-11-18,NSE,EQ,EQ,buy,false,1.000000,1907.300049,400119918,1200000000763484,2025-11-18T09:15:48
LGBBROSLTD,INE337A01034,2025-11-18,NSE,EQ,EQ,buy,false,1.000000,1907.300049,400119919,1200000000763484,2025-11-18T09:15:48
LGBBROSLTD,INE337A01034,2025-11-18,NSE,EQ,EQ,buy,false,2.000000,1907.300049,400119920,1200000000763484,2025-11-18T09:15:48
LGBBROSLTD,INE337A01034,2025-11-18,NSE,EQ,EQ,buy,false,1.000000,1907.199951,400119912,1200000000763484,2025-11-18T09:15:48
LGBBROSLTD,INE337A01034,2025-11-18,NSE,EQ,EQ,buy,false,4.000000,1907.300049,400119917,1200000000763484,2025-11-18T09:15:48
INTERARCH,INE00M901018,2025-11-18,NSE,EQ,EQ,buy,false,10.000000,2625.699951,200507708,1100000003244843,2025-11-18T09:19:04
INTERARCH,INE00M901018,2025-11-18,NSE,EQ,EQ,buy,false,2.000000,2625.899902,200507709,1100000003244843,2025-11-18T09:19:04
LGBBROSLTD,INE337A01034,2025-11-18,NSE,EQ,EQ,sell,false,1.000000,1819.800049,401142232,1200000010257105,2025-11-18T09:47:27
LGBBROSLTD,INE337A01034,2025-11-18,NSE,EQ,EQ,sell,false,1.000000,1819.599976,401142233,1200000010257105,2025-11-18T09:47:27
LGBBROSLTD,INE337A01034,2025-11-18,NSE,EQ,EQ,sell,false,1.000000,1819.400024,401142234,1200000010257105,2025-11-18T09:47:27
LGBBROSLTD,INE337A01034,2025-11-18,NSE,EQ,EQ,sell,false,1.000000,1819.900024,401142231,1200000010257105,2025-11-18T09:47:27
LGBBROSLTD,INE337A01034,2025-11-18,NSE,EQ,EQ,sell,false,1.000000,1820.000000,401142230,1200000010257105,2025-11-18T09:47:27
LGBBROSLTD,INE337A01034,2025-11-18,NSE,EQ,EQ,sell,false,5.000000,1819.300049,401142236,1200000010257105,2025-11-18T09:47:27
LGBBROSLTD,INE337A01034,2025-11-18,NSE,EQ,EQ,sell,false,6.000000,1819.400024,401142235,1200000010257105,2025-11-18T09:47:27
LUMAXTECH,INE872H01027,2025-11-18,NSE,EQ,EQ,sell,false,18.000000,1374.099976,404046178,1200000039987268,2025-11-18T13:31:10
SOUTHBANK,INE683A01023,2025-11-19,NSE,EQ,EQ,buy,false,15.000000,40.529999,600926696,1300000007545535,2025-11-19T09:35:27
SOUTHBANK,INE683A01023,2025-11-19,NSE,EQ,EQ,buy,false,199.000000,40.520000,600926695,1300000007545535,2025-11-19T09:35:27
SOUTHBANK,INE683A01023,2025-11-19,NSE,EQ,EQ,buy,false,286.000000,40.529999,600926697,1300000007545535,2025-11-19T09:35:27
TDPOWERSYS,INE419M01027,2025-11-20,NSE,EQ,EQ,buy,false,1.000000,774.750000,600238738,1300000001615191,2025-11-20T09:17:15
TDPOWERSYS,INE419M01027,2025-11-20,NSE,EQ,EQ,buy,false,31.000000,774.750000,600238737,1300000001615191,2025-11-20T09:17:15
SOUTHBANK,INE683A01023,2025-11-20,NSE,EQ,EQ,sell,false,500.000000,38.900002,602693992,1300000022054797,2025-11-20T10:55:04
SYRMA,INE0DYJ01015,2025-11-20,NSE,EQ,EQ,sell,false,27.000000,858.650024,602993996,1300000024415253,2025-11-20T11:09:06
TDPOWERSYS,INE419M01027,2025-11-21,NSE,EQ,EQ,sell,false,32.000000,743.799988,601441795,1300000011208527,2025-11-21T09:55:05
INTERARCH,INE00M901018,2025-11-21,NSE,EQ,EQ,sell,false,2.000000,2521.300049,201903690,1100000015597271,2025-11-21T10:09:57
INTERARCH,INE00M901018,2025-11-21,NSE,EQ,EQ,sell,false,5.000000,2520.699951,201903692,1100000015597271,2025-11-21T10:09:57
INTERARCH,INE00M901018,2025-11-21,NSE,EQ,EQ,sell,false,5.000000,2521.199951,201903691,1100000015597271,2025-11-21T10:09:57
ATHERENERG,INE0LEZ01016,2025-11-27,NSE,EQ,EQ,buy,false,28.000000,707.799988,1061785,1000000009917446,2025-11-27T09:49:39
ROSSTECH,INE0OJW01016,2025-11-28,NSE,EQ,EQ,buy,false,1.000000,813.599976,600905366,1300000008382346,2025-11-28T09:39:08
ROSSTECH,INE0OJW01016,2025-11-28,NSE,EQ,EQ,buy,false,17.000000,813.599976,600905367,1300000008382346,2025-11-28T09:39:08
ROSSTECH,INE0OJW01016,2025-11-28,NSE,EQ,EQ,sell,false,18.000000,781.049988,603460060,1300000032234421,2025-11-28T11:53:47
RPEL,INE912T01018,2025-12-02,NSE,EQ,EQ,sell,false,21.000000,1051.800049,605829141,1300000047408960,2025-12-02T14:23:28
ATHERENERG,INE0LEZ01016,2025-12-03,NSE,EQ,EQ,sell,false,28.000000,679.500000,512268,1000000004803929,2025-12-03T09:28:49
TMCV,INE1TAE01010,2025-12-31,NSE,EQ,EQ,buy,false,60.000000,416.950012,606146192,1300000053331734,2025-12-31T14:29:45
SANDUMA,INE149K01016,2026-01-02,NSE,EQ,EQ,buy,false,68.000000,248.800003,600052488,1300000000289847,2026-01-02T09:15:03
SANDUMA,INE149K01016,2026-01-05,NSE,EQ,EQ,buy,false,25.000000,267.839996,600319659,1300000001706418,2026-01-05T09:17:04
SANDUMA,INE149K01016,2026-01-05,NSE,EQ,EQ,buy,false,5.000000,267.839996,600319660,1300000001706418,2026-01-05T09:17:04
TMCV,INE1TAE01010,2026-01-05,NSE,EQ,EQ,sell,false,2.000000,429.200012,600593361,1300000003674542,2026-01-05T09:20:54
TMCV,INE1TAE01010,2026-01-05,NSE,EQ,EQ,sell,false,58.000000,429.149994,600593362,1300000003674542,2026-01-05T09:20:54
TENNIND,INE19RI01016,2026-01-05,NSE,EQ,EQ,buy,false,37.000000,548.200012,601878899,1300000013742561,2026-01-05T09:50:42
SANDUMA,INE149K01016,2026-01-05,NSE,EQ,EQ,sell,false,10.000000,257.130005,603876185,1300000029640885,2026-01-05T11:20:13
SANDUMA,INE149K01016,2026-01-05,NSE,EQ,EQ,sell,false,20.000000,257.130005,603876107,1300000029640885,2026-01-05T11:20:13
GMDCLTD,INE131A01031,2026-01-05,NSE,EQ,EQ,buy,false,24.000000,610.950012,206740748,1100000053122030,2026-01-05T13:38:14
TENNIND,INE19RI01016,2026-01-06,NSE,EQ,EQ,sell,false,19.000000,523.900024,603457305,1300000028269982,2026-01-06T11:11:01
TENNIND,INE19RI01016,2026-01-06,NSE,EQ,EQ,sell,false,9.000000,523.799988,603457307,1300000028269982,2026-01-06T11:11:01
TENNIND,INE19RI01016,2026-01-06,NSE,EQ,EQ,sell,false,9.000000,523.849976,603457306,1300000028269982,2026-01-06T11:11:01
GMDCLTD,INE131A01031,2026-01-08,NSE,EQ,EQ,sell,false,11.000000,586.500000,201992787,1100000016842876,2026-01-08T10:04:17
GMDCLTD,INE131A01031,2026-01-08,NSE,EQ,EQ,sell,false,13.000000,586.500000,201992788,1100000016842876,2026-01-08T10:04:17
SANDUMA,INE149K01016,2026-01-08,NSE,EQ,EQ,sell,false,2.000000,238.699997,608632348,1300000079778400,2026-01-08T15:04:38
SANDUMA,INE149K01016,2026-01-08,NSE,EQ,EQ,sell,false,66.000000,238.699997,608655875,1300000079778400,2026-01-08T15:04:38
